101 10100001910110000191601082210T094101TRANSMIT TO FDR         COMMERCE BANK                 
5200SOC SEC ADMIN                       3031036030DNEDTH ALERT       1601070082031036030000001
623101000019000000007303477520000000000024091131D  SSAFIRST    LAST         1031036030000308  
705DATE OF DEATH*010616*CUSTOMER SSN*123456789*AMOUNT*1456.00\                     00010000308
623101000019000000006132732420000000000139409228A  SSAFIRST    LAST         1031036030001428  
705DATE OF DEATH*123015*CUSTOMER SSN*123456789*AMOUNT*989.00\                      00010001428
623101000019000000004425184290000000000190031580A  SSAFIRST    LAST         1031036030001883  
705DATE OF DEATH*121815*CUSTOMER SSN*123456789*AMOUNT*1339.00\                     00010001883
623101000019000000007975078410000000000411269074D  SSAFIRST    LAST         1031036030003743  
705DATE OF DEATH*010116*CUSTOMER SSN*123456789*AMOUNT*1110.00\                     00010003743
623101000019000000002313229140000000000493028567A  SSAFIRST    LAST         1031036030004188  
705DATE OF DEATH*122315*CUSTOMER SSN*123456789*AMOUNT*479.10\                      00010004188
820000001000505000050000000000000000000000003031036030                         031036030000001
5200SOC SEC ADMIN                       3101036216DNEDTH ALERT       1601070082101036210000002
623081004591000000002902696460000000000349283702A  SSAFIRST    LAST         1101036210005450  
705DATE OF DEATH*120215*CUSTOMER SSN*123456789*AMOUNT*146.00\                      00010005450
623081004591000000003071524430000000000495323271A  SSAFIRST    LAST         1101036210007439  
705DATE OF DEATH*010316*CUSTOMER SSN*123456789*AMOUNT*1717.00\                     00010007439
820000000400162009180000000000000000000000003101036216                         101036210000002
5200SOC SEC ADMIN                       3101036216DNEDTH ALERT       1601070082101036210000003
623101000019000000002240175420000000000307125780A  SSAFIRST    LAST         1101036210005031  
705DATE OF DEATH*122215*CUSTOMER SSN*123456789*AMOUNT*1196.00\                     00010005031
623101000019000000007205100410000000000329143736A  SSAFIRST    LAST         1101036210005302  
705DATE OF DEATH*112715*CUSTOMER SSN*123456789*AMOUNT*627.50\                      00010005302
623101000019000000008090125310000000000341424208A  SSAFIRST    LAST         1101036210005394  
705DATE OF DEATH*122515*CUSTOMER SSN*123456789*AMOUNT*2275.00\                     00010005394
623101000019000000003837539610000000000354030042A  SSAFIRST    LAST         1101036210005484  
705DATE OF DEATH*010316*CUSTOMER SSN*123456789*AMOUNT*1688.00\                     00010005484
623101000019000000002313183300000000000430720740A  SSAFIRST    LAST         1101036210006304  
705DATE OF DEATH*010316*CUSTOMER SSN*123456789*AMOUNT*1281.50\                     00010006304
623101000019000000000000022730000000000437168516C1 SSAFIRST    LAST         1101036210006431  
705DATE OF DEATH*010216*CUSTOMER SSN*123456789*AMOUNT*936.00\                      00010006431
623101000019000000007506206100000000000446184987D  SSAFIRST    LAST         1101036210006534  
705DATE OF DEATH*122415*CUSTOMER SSN*123456789*AMOUNT*1660.60\                     00010006534
623101000019000000006711535970000000000466561956A  SSAFIRST    LAST         1101036210006974  
705DATE OF DEATH*010416*CUSTOMER SSN*123456789*AMOUNT*2161.00\                     00010006974
623101000019000000003218608790000000000486586374A  SSAFIRST    LAST         1101036210007340  
705DATE OF DEATH*123115*CUSTOMER SSN*123456789*AMOUNT*1340.00\                     00010007340
623101000019000000003844188830000000000487222269D  SSAFIRST    LAST         1101036210007344  
705DATE OF DEATH*010416*CUSTOMER SSN*123456789*AMOUNT*1419.00\                     00010007344
623101000019000000002715282110000000000487307155A  SSAFIRST    LAST         1101036210007348  
705DATE OF DEATH*122315*CUSTOMER SSN*123456789*AMOUNT*808.00\                      00010007348
623101000019000000002675071750000000000493508019A  SSAFIRST    LAST         1101036210007417  
705DATE OF DEATH*121915*CUSTOMER SSN*123456789*AMOUNT*1327.00\                     00010007417
623101000019000000000000022730000000000493666266A  SSAFIRST    LAST         1101036210007420  
705DATE OF DEATH*010516*CUSTOMER SSN*123456789*AMOUNT*981.00\                      00010007420
623101000019000000000000340650000000000494404286A  SSAFIRST    LAST         1101036210007426  
705DATE OF DEATH*010316*CUSTOMER SSN*123456789*AMOUNT*1235.00\                     00010007426
623101000019000000001750247660000000000494463243A  SSAFIRST    LAST         1101036210007429  
705DATE OF DEATH*010316*CUSTOMER SSN*123456789*AMOUNT*1964.00\                     00010007429
623101000019000000002130105520000000000494520909A  SSAFIRST    LAST         1101036210007430  
705DATE OF DEATH*123115*CUSTOMER SSN*123456789*AMOUNT*907.00\                      00010007430
623101000019000000003806186320000000000495407583A  SSAFIRST    LAST         1101036210007442  
705DATE OF DEATH*122515*CUSTOMER SSN*123456789*AMOUNT*1770.00\                     00010007442
623101000019000000004706222640000000000496201148A  SSAFIRST    LAST         1101036210007446  
705DATE OF DEATH*010116*CUSTOMER SSN*123456789*AMOUNT*175.00\                      00010007446
623101000019000000002313229140000000000496469142C2 SSAFIRST    LAST         1101036210007453  
705DATE OF DEATH*122315*CUSTOMER SSN*123456789*AMOUNT*884.00\                      00010007453
623101000019000000000640664370000000000497280653D  SSAFIRST    LAST         1101036210007461  
705DATE OF DEATH*122715*CUSTOMER SSN*123456789*AMOUNT*1320.00\                     00010007461
623101000019000000000000022730000000000500303407D  SSAFIRST    LAST         1101036210007506  
705DATE OF DEATH*123015*CUSTOMER SSN*123456789*AMOUNT*1022.00\                     00010007506
623101000019000000000000022730000000000510220281C1 SSAFIRST    LAST         1101036210007623  
705DATE OF DEATH*010316*CUSTOMER SSN*123456789*AMOUNT*990.00\                      00010007623
623101000019000000006773328360000000000510242048A  SSAFIRST    LAST         1101036210007626  
705DATE OF DEATH*122215*CUSTOMER SSN*123456789*AMOUNT*1421.00\                     00010007626
623101000019000000007351189520000000000510242780A  SSAFIRST    LAST         1101036210007627  
705DATE OF DEATH*123115*CUSTOMER SSN*123456789*AMOUNT*1636.00\                     00010007627
623101000019000000007504181610000000000511164224A  SSAFIRST    LAST         1101036210007641  
705DATE OF DEATH*122715*CUSTOMER SSN*123456789*AMOUNT*410.80\                      00010007641
820000005002525000250000000000000000000000003101036216                         101036210000003
5200SOC SEC ADMIN                       3121036241DNEDTH ALERT       1601070082121036240000004
623081004591000000002408954640000000000555827096A  SSAFIRST    LAST         1121036240010178  
705DATE OF DEATH*010216*CUSTOMER SSN*123456789*AMOUNT*847.00\                      00010010178
820000000200081004590000000000000000000000003121036241                         121036240000004
5200SOC SEC ADMIN                       3121036241DNEDTH ALERT       1601070082121036240000005
623101000019000000006730103170000000000523265580A  SSAFIRST    LAST         1121036240009539  
705DATE OF DEATH*120215*CUSTOMER SSN*123456789*AMOUNT*1234.00\                     00010009539
623101000019000000007860335820000000000527147625A  SSAFIRST    LAST         1121036240009650  
705DATE OF DEATH*010216*CUSTOMER SSN*123456789*AMOUNT*1337.00\                     00010009650
820000000400202000020000000000000000000000003121036241                         121036240000005
5200RAILROADRETBOARD                    9031736071DNEDTH ALERT       1601070082031736070000006
623101000019000000003090079530000000000 WA489125066 1 FIRST     LAST        1031736070700054  
705DATE OF DEATH*010516*CUSTOMER SSN*123456789*AMOUNT*1137.02\                     00010700054
623101000019000000000966721300000000000  A497242734 1 FIRST     LAST        1031736070700059  
705DATE OF DEATH*122515*CUSTOMER SSN*123456789*AMOUNT*2244.70\                     00010700059
623101000019000000003090079530000000000  A498187267 1 FIRST     LAST        1031736070700060  
705DATE OF DEATH*010516*CUSTOMER SSN*123456789*AMOUNT*0689.01\                     00010700060
820000000600303000030000000000000000000000009031736071                         031736070000006
9000006000009000000760377801412000000000000000000000000
